@Misc{Wiki:ARP,
	author = "Wikipedia",
	title = "Address Resolution Protocol",
	howpublished = "online",
	revised = "last change on 25 March 2017, at 01:08",
	cited = "!2017-05-23",
	url = "https://en.wikipedia.org/wiki/Address_Resolution_Protocol",
}

@techreport{RFC0826,
	author = {David C. Plummer},
	title = {Ethernet Address Resolution Protocol: Or converting network protocol addresses to 48.bit Ethernet address for transmission on Ethernet hardware},
	howpublished = {Internet Requests for Comments},
	type = {STD},
	number = {37},
	year = {1982},
	month = {November},
	issn = {2070-1721},
	publisher = {RFC Editor},
	institution = {RFC Editor},
	url = {http://www.rfc-editor.org/rfc/rfc826.txt},
	note = {\url{http://www.rfc-editor.org/rfc/rfc826.txt}},
}

@Misc{microsoft:arp_cache,
	author = "Microsoft Corporation",
	title = "ARP Cache",
	url = "https://technet.microsoft.com/en-us/library/cc958841(en-us).aspx",
	howpublished = "online",
	cited = "!2017-05-23",
}

@Misc{microsoft:arp_process,
	author = "Microsoft Corporation",
	title = "ARP Process",
	url = "https://technet.microsoft.com/en-us/library/cc940010.aspx",
	howpublished = "online",
	cited = "!2017-05-23",
}

@techreport{RFC7707,
	author = {F. Gont and T. Chown},
	title = {Network Reconnaissance in IPv6 Networks},
	howpublished = {Internet Requests for Comments},
	type = {RFC},
	number = {7707},
	year = {2016},
	month = {March},
	issn = {2070-1721},
	publisher = {RFC Editor},
	institution = {RFC Editor},
}